@article{buuren2001worm,
	title={Worm plot: a simple diagnostic device for modelling growth reference curves},
	author={Buuren, Stef van and Fredriks, Miranda},
	journal={Statistics in medicine},
	volume={20},
	number={8},
	pages={1259--1277},
	year={2001},
	publisher={Wiley Online Library}
}



