@article{rousseeuw2011robust,
  title={Robust statistics for outlier detection},
  author={Rousseeuw, Peter J and Hubert, Mia},
  journal={Wiley interdisciplinary reviews: Data mining and knowledge discovery},
  volume={1},
  number={1},
  pages={73--79},
  year={2011},
  publisher={Wiley Online Library}
}

@book{hawkins1980identification,
	title={Identification of outliers},
	author={Hawkins, Douglas M},
	volume={11},
	year={1980},
	publisher={Springer}
}

@book{maronna2019robust,
	title={Robust statistics: theory and methods (with R)},
	author={Maronna, Ricardo A and Martin, R Douglas and Yohai, Victor J and Salibi{\'a}n-Barrera, Mat{\'\i}as},
	year={2019},
	publisher={John Wiley \& Sons}
}

@article{aeberhard2021robust,
	title={Robust fitting for generalized additive models for location, scale and shape},
	author={Aeberhard, William H and Cantoni, Eva and Marra, Giampiero and Radice, Rosalba},
	journal={Statistics and Computing},
	volume={31},
	number={1},
	pages={1--16},
	year={2021},
	publisher={Springer}
}

@article{hampel1974influence,
	title={The influence curve and its role in robust estimation},
	author={Hampel, Frank R},
	journal={Journal of the american statistical association},
	volume={69},
	number={346},
	pages={383--393},
	year={1974},
	publisher={Taylor \& Francis}
}


@article{liu2004line,
	title={On-line outlier detection and data cleaning},
	author={Liu, Hancong and Shah, Sirish and Jiang, Wei},
	journal={Computers \& chemical engineering},
	volume={28},
	number={9},
	pages={1635--1647},
	year={2004},
	publisher={Elsevier}
}


@article{rosner1983percentage,
	title={Percentage points for a generalized ESD many-outlier procedure},
	author={Rosner, Bernard},
	journal={Technometrics},
	volume={25},
	number={2},
	pages={165--172},
	year={1983},
	publisher={Taylor \& Francis}
}


@article{holevsovsky2018semiparametric,
	title={Semiparametric outlier detection in nonstationary times series: Case study for atmospheric pollution in Brno, Czech Republic},
	author={Hole{\v{s}}ovsk{\`y}, Jan and {\v{C}}ampulov{\'a}, Martina and Michalek, Jaroslav},
	journal={Atmospheric Pollution Research},
	volume={9},
	number={1},
	pages={27--36},
	year={2018},
	publisher={Elsevier}
}

@article{vcampulova2018nonparametric,
	title={Nonparametric algorithm for identification of outliers in environmental data},
	author={{\v{C}}ampulov{\'a}, Martina and Mich{\'a}lek, Jaroslav and Miku{\v{s}}ka, Pavel and Bokal, Drago},
	journal={Journal of Chemometrics},
	volume={32},
	number={5},
	pages={e2997},
	year={2018},
	publisher={Wiley Online Library}
}

@article{holevsovsky2020estimation,
	title={Estimation of the extremal index using censored distributions},
	author={Hole{\v{s}}ovsk{\`y}, Jan and Fusek, Michal},
	journal={Extremes},
	volume={23},
	number={2},
	pages={197--213},
	year={2020},
	publisher={Springer}
}

@article{buuren2001worm,
	title={Worm plot: a simple diagnostic device for modelling growth reference curves},
	author={Buuren, Stef van and Fredriks, Miranda},
	journal={Statistics in medicine},
	volume={20},
	number={8},
	pages={1259--1277},
	year={2001},
	publisher={Wiley Online Library}
}

@book{rigby2019distributions,
	title={Distributions for modeling location, scale, and shape: Using GAMLSS in R},
	author={Rigby, Robert A and Stasinopoulos, Mikis D and Heller, Gillian Z and De Bastiani, Fernanda},
	year={2019},
	publisher={CRC press}
}



